<?xml version="1.0" encoding="UTF-8"?><collection xmlns="http://www.loc.gov/MARC21/slim"><record><leader>00565nam--2200181-i-4500</leader><controlfield tag="001">000049160</controlfield><controlfield tag="002">20161230</controlfield><controlfield tag="005">20161230201047</controlfield><controlfield tag="008">060222s1000------------r-----000-0-eng-d</controlfield><datafield ind1=" " ind2=" " tag="040"><subfield code="a">IFIN-HH</subfield></datafield><datafield ind1=" " ind2=" " tag="080"><subfield code="a">53(061.3)</subfield></datafield><datafield ind1="1" ind2=" " tag="100"><subfield code="a">Pop, I</subfield></datafield><datafield ind1="1" ind2="0" tag="245"><subfield code="a">Proceedings of the symposium on methods, models and techniques in physics and related fields september 26-27, 1986</subfield><subfield code="c">I. pop, v. znamirovschi, m. vasiu, o. cozar (eds.)</subfield></datafield><datafield ind1=" " ind2=" " tag="260"><subfield code="a">Cluj-napoca</subfield><subfield code="b">University</subfield><subfield code="c">1987</subfield></datafield><datafield ind1=" " ind2=" " tag="300"><subfield code="a">222P</subfield></datafield><datafield ind1="1" ind2=" " tag="700"><subfield code="a">Cozar, O</subfield><subfield code="e">Ed</subfield></datafield><datafield ind1=" " ind2=" " tag="852"><subfield code="a">79685</subfield><subfield code="c">53</subfield></datafield><datafield ind1=" " ind2=" " tag="CAT"><subfield code="a">Sys</subfield><subfield code="c">20151009</subfield><subfield code="h">091310</subfield></datafield></record></collection>